
@online{borromean-ring-signatures,
    author    = "Gregory Maxwell and Andrew Poelstra",
    title     = "Borromean Ring Signatures",
    url       = "https://github.com/ElementsProject/borromean-signatures-writeup",
		year			= "2016",
    keywords  = "privacy,signatures"
}
@online{monero-project-codebase,
    author    = "Shen, Noether and Mackenzie, Adam and Lab, The Monero",
    title     = "monero",
    url       = "https://github.com/monero-project/monero",
    keywords  = "security,privacy,untraceable cryptocurrency"
}
